@article{bouguet2001pyramidal,
  title={Pyramidal implementation of the affine lucas kanade feature
          tracker description of the algorithm},
  author={Bouguet, Jean-Yves},
  journal={Intel Corporation},
  volume={2},
  pages={3},
  year={2001}}
% This article describes the process of generating the pixel flow
%  with the lucas kanade method using a pyramidical
%  scheme.  This way the optical flow of pixel regions
%  can be applied upwards thruogh the pyramid to reduce
%  the search region size and complexity class of the
%  problem.

@article{lowe2004distinctive,
  title={Distinctive image features from scale-invariant keypoints},
  author={Lowe, David G},
  journal={International journal of computer vision},
  volume={60},
  number={2},
  pages={91--110},
  year={2004},
  publisher={Springer}}
% Scale-Invariant feature transform SIFT:  I've read through the
%  first three pages and gotten a lot of good
%  information.  They summarize the four computational
%  steps of the process and that is about enough to
%  understand what is happening.  This paper is a good
%  read, and if I'm ever at a dead end for finding
%  knowledge it'd be good to come back to.  This paper
%  is an improvement upon the previous SIFT publication
%  by (Lowe 1999) so going back to that paper may be
%  helpful but since this is the improved algorithm it
%  might be a waste of time.

@incollection{bay2006surf,
  title={Surf: Speeded up robust features},
  author={Bay, Herbert and Tuytelaars, Tinne and Van Gool, Luc},
  booktitle={Computer Vision--ECCV 2006},
  pages={404--417},
  year={2006},
  publisher={Springer}
}
% This article describes the mathematics behind detecting features in
%  an image with the "SURF" algorithm. This algorithm is robust but
%  now less popular than "SIFT" and will simply remain a good citation
%  for showing background research into object detection.

@inproceedings{papageorgiou1998general,
  title={A general framework for object detection},
  author={Papageorgiou, Constantine P and Oren, Michael and Poggio,
  Tomaso},
  booktitle={Computer vision, 1998. sixth international conference
  on},
  pages={555--562},
  year={1998},
  organization={IEEE}
}

@inproceedings{viola2001rapid,
  title={Rapid object detection using a boosted cascade of simple
	   features},
  author={Viola, Paul and Jones, Michael},
  booktitle={Computer Vision and Pattern Recognition, 2001. CVPR
	   2001. Proceedings of the 2001 IEEE Computer Society
	   Conference on},
  volume={1},
  pages={I--511},
  year={2001},
  organization={IEEE}
}

@inproceedings{crow1984summed,
  title={Summed-area tables for texture mapping},
  author={Crow, Franklin C},
  booktitle={ACM SIGGRAPH Computer Graphics},
  volume={18},
  number={3},
  pages={207--212},
  year={1984},
  organization={ACM}
}
% This paper explains the process of creating a summed area,
%  exactly how it sounds.  The sum of a given area is taken.
%  The process is used in constructing image pyramids for optical
%  flow tracking and blob detection.

@article{clarenz2004robust,
  title={Robust feature detection and local classification for
	   surfaces based on moment analysis},
  author={Clarenz, Ulrich and Rumpf, Martin and Telea, Alexandru},
  journal={Visualization and Computer Graphics, IEEE Transactions on},
  volume={10},
  number={5},
  pages={516--524},
  year={2004},
  publisher={IEEE}
}

@incollection{kovacs2012shape,
  title={Shape retrieval and recognition on mobile devices},
  author={Kov{\'a}cs, Levente},
  booktitle={Computational Intelligence for Multimedia Understanding},
  pages={90--101},
  year={2012},
  publisher={Springer}
}
% This is the second of two papers that contains


@incollection{kovacs2010contour,
  title={Contour based shape retrieval},
  author={Kov{\'a}cs, Levente},
  booktitle={Advances in Visual Computing},
  pages={59--68},
  year={2010},
  publisher={Springer}
}

@inproceedings{blum1991navigating,
  title={Navigating in unfamiliar geometric terrain},
  author={Blum, Avrim and Raghavan, Prabhakar and Schieber, Baruch},
  booktitle={Proceedings of the twenty-third annual ACM symposium on
	   Theory of computing},
  pages={494--504},
  year={1991},
  organization={ACM}
}

@article{takagi1985fuzzy,
  title={Fuzzy identification of systems and its applications to
	   modeling and control},
  author={Takagi, Tomohiro and Sugeno, Michio},
  journal={Systems, Man and Cybernetics, IEEE Transactions on},
  number={1},
  pages={116--132},
  year={1985},
  publisher={IEEE}
}

@incollection{zach2007duality,
  title={A duality based approach for realtime TV-L 1 optical flow},
  author={Zach, Christopher and Pock, Thomas and Bischof, Horst},
  booktitle={Pattern Recognition},
  pages={214--223},
  year={2007},
  publisher={Springer}
}

@article{perez2013tv,
  title={TV-L1 Optical Flow Estimation},
  author={P{\'e}rez, Javier S{\'a}nchez and Meinhardt-Llopis, Enric
	   and Facciolo, Gabriele},
  journal={Image Processing On Line},
  volume={2013},
  pages={137--150},
  year={2013}
}

@inproceedings{zingg2010mav,
  title={MAV navigation through indoor corridors using optical flow},
  author={Zingg, Simon and Scaramuzza, Davide and Weiss, Stephan and
	   Siegwart, Roland},
  booktitle={Robotics and Automation (ICRA), 2010 IEEE International
	   Conference on},
  pages={3361--3368},
  year={2010},
  organization={IEEE}
}

@inproceedings{hinz2005fast,
  title={Fast and subpixel precise blob detection and attribution},
  author={Hinz, Stefan},
  booktitle={Image Processing, 2005. ICIP 2005. IEEE International
	   Conference on},
  volume={3},
  pages={III--457},
  year={2005},
  organization={IEEE}
}

@article{ozuysal2010fast,
  title={Fast keypoint recognition using random ferns},
  author={Ozuysal, Mustafa and Calonder, Michael and Lepetit, Vincent
	   and Fua, Pascal},
  journal={Pattern Analysis and Machine Intelligence, IEEE
	   Transactions on},
  volume={32},
  number={3},
  pages={448--461},
  year={2010},
  publisher={IEEE}
}

@inproceedings{siva2014grid,
  title={Grid Seams: A fast superpixel algorithm for real-time
	   applications},
  author={Siva, Parthipan and Wong, Alexander},
  booktitle={Computer and Robot Vision (CRV), 2014 Canadian Conference
	   on},
  pages={127--134},
  year={2014},
  organization={IEEE}
}

@article{hay2003comparison,
  title={A comparison of three image-object methods for the multiscale
	   analysis of landscape structure},
  author={Hay, Geoffrey J and Blaschke, Thomas and Marceau, Danielle J
	   and Bouchard, Andr{\'e}},
  journal={ISPRS Journal of Photogrammetry and Remote Sensing},
  volume={57},
  number={5},
  pages={327--345},
  year={2003},
  publisher={Elsevier}
}


@inproceedings{wagner2008pose,
  title={Pose tracking from natural features on mobile phones},
  author={Wagner, Daniel and Reitmayr, Gerhard and Mulloni, Alessandro
	   and Drummond, Tom and Schmalstieg, Dieter},
  booktitle={Proceedings of the 7th IEEE/ACM International Symposium
	   on Mixed and Augmented Reality},
  pages={125--134},
  year={2008},
  organization={IEEE Computer Society}
}



@article{huang1998extensions,
  title={Extensions to the k-means algorithm for clustering large data
	   sets with categorical values},
  author={Huang, Zhexue},
  journal={Data mining and knowledge discovery},
  volume={2},
  number={3},
  pages={283--304},
  year={1998},
  publisher={Springer}
}



@inproceedings{heisele1995obstacle,
  title={Obstacle detection based on color blob flow},
  author={Heisele, Bernd and Ritter, Werner},
  booktitle={IEEE Intelligent vehicle symposium},
  pages={282--286},
  year={1995}
}
