%Tutorial at http://www.andy-roberts.net/writing/latex/bibliographies
%Cheat sheet at http://www.andy-roberts.net/res/writing/latex/bibentries.pdf

@article{examplebib2013,
    author  = "Proper Examplebib",
    title   = "Learning to cite with BibTeX",
    year    = "2013",
    journal = "Examples and Learning",
    volume  = "1",
    number  = "1",
    pages   = "1--100"
}

%example book from Andy Roberts
@book{goossens93,
    author    = "Michel Goossens and Frank Mittlebach and Alexander
                  Samarin",
    title     = "The Latex Companion",
    year      = "1993",
    publisher = "Addison-Wesley",
    address   = "Reading, Massachusetts"
}