@Article{montemerlo,
  author = 	 {Michael Montemerlo \and Sebastian Thrun \and Daphne Koller \and Ben Wegbreit},
  title = 	 {{FastSLAM}: A Factored Solution to the Simultaneous Localization and Mapping Problem},
  journal = 	 {Association for the Advancement of Artificial Intelligence},
  year = 	 {2002},
  OPTkey = 	 {},
  OPTvolume = 	 {},
  OPTnumber = 	 {},
  OPTpages = 	 {},
  OPTmonth = 	 {},
  note = 	 {Web.  27 Feb. 2013.  $<$http://www.aaai.org/Papers/AAAI/2002/AAAI02-089.pdf$>$},
  OPTannote = 	 {}
}

@Misc{thrun,
  OPTkey = 	 {},
  author = 	 {Sebastian Thrun},
  title = 	 {Robotic Mapping: A Survey},
  howpublished = {Carnegie Mellon University},
  OPTmonth = 	 {},
  year = 	 {2002},
  OPTnote = 	 {},
  OPTannote = 	 {}
}


@Article{gil,
  author = 	 {Arturo Gil},
  title = 	 {Estimation of Visual Maps with a Robot Network Equipped with Vision Sensors},
  journal = 	 {Sensors},
  year = 	 {2010},
  OPTkey = 	 {},
  volume = 	 {10},
  number = 	 {5},
  OPTpages = 	 {},
  OPTmonth = 	 {},
  OPTnote = 	 {},
  OPTannote = 	 {}
}



