@article{bouguet2001pyramidal,
  title={Pyramidal implementation of the affine lucas kanade feature
  tracker description of the algorithm},
  author={Bouguet, Jean-Yves},
  journal={Intel Corporation},
  volume={2},
  pages={3},
  year={2001},
note={This article describes the process of generating the pixel flow
                  with the lucas kanade method using a pyramidical
                  scheme.  This way the optical flow of pixel regions
                  can be applied upwards thruogh the pyramid to reduce
                  the search region size and complexity class of the
                  problem.}
}